@book{griffiths2008introduction,
  title={Introduction to elementary particles},
  author={Griffiths, David},
  year={2008},
  publisher={John Wiley \& Sons},
}

@book{griffiths2008neutrino1.5, 
    pages = {23-30}
}

@book{griffiths2008neutrinoOscillations, 
    pages = {387-400}
}

@article{lederman1970resource,
  title={Resource Letter Neu-1 History of the Neutrino},
  author={Lederman, Leon M},
  journal={American Journal of Physics},
  volume={38},
  number={2},
  pages={129--136},
  year={1970},
  publisher={AAPT}
}

@book{bernstein2004elusive,
  title={The Elusive Neutrino},
  author={Bernstein, Jeremy},
  year={2004},
  publisher={University Press of the Pacific}
}

@book{lewis1970neutrinos,
  title={Neutrinos},
  author={Lewis, Gething M},
  year={1970},
  publisher={Wykeham}
}

@article{reines1953proposed,
  title={A proposed experiment to detect the free neutrino},
  author={Reines, F and Cowan Jr, CL},
  journal={Physical Review},
  volume={90},
  number={3},
  pages={492},
  year={1953},
  publisher={APS}
}

@article{reines1953detection,
  title={Detection of the free neutrino},
  author={Reines, Frederick and Cowan Jr, CL},
  journal={Physical Review},
  volume={92},
  number={3},
  pages={830},
  year={1953},
  publisher={APS}
}

@article{Cowan1956Confirmation,
    title={Detection of the Free Neutrino: a Confirmation},
    author={Cowan Jr, CL and others},
    journal={Science},
    volume={124},
    number={3212},
    pages={103-104},
    year={1956},
    publisher={American Association for the Advancement of Science},
    doi ={DOI: 10.1126/science.124.3212.103},
}

@article{davis1959attempt,
  title={Attempt to observe the Cl$^{37}$ $ (\Bar{\nu} e^-)$ Ar$^{37}$  reaction induced by reactor antineutrinos},
  author={Davis Jr, Raymond and Harmer, Don S},
  journal={Bull. Am. Phys. Soc.},
  volume={4},
  pages={217},
  year={1959}
}

@article{chadwick1932possible,
  title={Possible existence of a neutron},
  author={Chadwick, James},
  journal={Nature},
  volume={129},
  number={3252},
  pages={312},
  year={1932},
  publisher={Nature Publishing Group}
}

@article{Fermi:1934hr,
      author         = "Fermi, E.",
      title          = "{An attempt of a theory of beta radiation. 1.}",
      journal        = "Z. Phys.",
      volume         = "88",
      year           = "1934",
      pages          = "161-177",
      doi            = "10.1007/BF01351864",
      reportNumber   = "UCRL-TRANS-726",
      SLACcitation   = "%%CITATION = ZEPYA,88,161;%%"
}


@article{wilson1968fermi,
  title={Fermi's theory of beta decay},
  author={Wilson, Fred L},
  journal={American Journal of Physics},
  volume={36},
  number={12},
  pages={1150--1160},
  year={1968},
  publisher={AAPT},
  doi = "10.1119/1.1974382"
}

@article{michel1949energy,
  title={Energy Spectrum of Secondary Electrons from {\^I} $1/4$ -Meson Decay},
  author={Michel, Louis},
  journal={Nature},
  volume={163},
  number={4155},
  pages={959},
  year={1949},
  publisher={Nature Publishing Group}
}

@article{cowan1957test,
  title={Test of Neutrinoâ€”Antineutrino Identity},
  author={Cowan Jr, Clyde L and Reines, Frederick},
  journal={Physical Review},
  volume={106},
  number={4},
  pages={825},
  year={1957},
  publisher={APS}
}

@article{konopinski1953universal,
  title={The universal Fermi interaction},
  author={Konopinski, EJ and Mahmoud, HM},
  journal={Physical Review},
  volume={92},
  number={4},
  pages={1045},
  year={1953},
  publisher={APS}
}

@article{pontecorvo1963neutrino,
  title={The neutrino and its role in astrophysics},
  author={Pontecorvo, Bruno},
  journal={Soviet Physics Uspekhi},
  volume={6},
  number={1},
  pages={1},
  year={1963},
  publisher={IOP Publishing}
}

@article{DanbyG1962PhysRevLett.9.36,
  title = {Observation of High-Energy Neutrino Reactions and the Existence of Two Kinds of Neutrinos},
  author = {Danby, G. and Gaillard, J-M. and Goulianos, K. and Lederman, L. M. and Mistry, N. and Schwartz, M. and Steinberger, J.},
  journal = {Phys. Rev. Lett.},
  volume = {9},
  issue = {1},
  pages = {36--44},
  numpages = {0},
  year = {1962},
  month = {Jul},
  publisher = {American Physical Society},
  doi = {10.1103/PhysRevLett.9.36},
  url = {https://link.aps.org/doi/10.1103/PhysRevLett.9.36}
}

@inproceedings{Lee:1960tja,
      author         = "Lee, T. D.",
      title          = "{Intermediate boson hypothesis of weak interactions}",
      booktitle      = "{Proceedings, 10th International Conference on
                        High-Energy Physics (ICHEP 60): Rochester, NY, USA, 25 Aug
                        - 1 Sep 1960}",
      year           = "1960",
      pages          = "567-572",
      SLACcitation   = "%%CITATION = INSPIRE-1341437;%%"
}

@article{bahcall1968present,
  title={Present Status of the Theoretical Predictions for the Cl 37 Solar-Neutrino Experiment},
  author={Bahcall, John N and Bahcall, Neta A and Shaviv, Giora},
  journal={Physical Review Letters},
  volume={20},
  number={21},
  pages={1209},
  year={1968},
  publisher={APS}
}

@article{davis1968homestake,
  title = {Search for Neutrinos from the Sun},
  author = {Davis, Raymond and Harmer, Don S. and Hoffman, Kenneth C.},
  journal = {Phys. Rev. Lett.},
  volume = {20},
  issue = {21},
  pages = {1205--1209},
  numpages = {0},
  year = {1968},
  month = {May},
  publisher = {American Physical Society},
  doi = {10.1103/PhysRevLett.20.1205},
  url = {https://link.aps.org/doi/10.1103/PhysRevLett.20.1205}
}

@article{Kamiokande-II1989,
  title = {Observation of $^{8}\mathrm{B}$ solar neutrinos in the Kamiokande-II detector},
  author = {Hirata, K. S. and others},
  journal = {Phys. Rev. Lett.},
  volume = {63},
  issue = {1},
  pages = {16--19},
  numpages = {0},
  year = {1989},
  month = {Jul},
  publisher = {American Physical Society},
  doi = {10.1103/PhysRevLett.63.16},
  url = {https://link.aps.org/doi/10.1103/PhysRevLett.63.16}
}

@article{superK2001,
  title = {Solar $^{8}B$ and hep Neutrino Measurements from 1258 Days of Super-Kamiokande Data},
  author = {Fukuda, S. and others},
  collaboration = {Super-Kamiokande Collaboration},
  journal = {Phys. Rev. Lett.},
  volume = {86},
  issue = {25},
  pages = {5651--5655},
  numpages = {0},
  year = {2001},
  month = {Jun},
  publisher = {American Physical Society},
  doi = {10.1103/PhysRevLett.86.5651},
  url = {https://link.aps.org/doi/10.1103/PhysRevLett.86.5651}
}
@article{sno2001,
  title = {Measurement of the Rate of ${\ensuremath{\nu}}_{e}+\mathit{d}\ensuremath{\rightarrow}\mathit{p}+\mathit{p}+{\mathit{e}}^{\ensuremath{-}}$ Interactions Produced by $^{8}B$ Solar Neutrinos at the Sudbury Neutrino Observatory},
  author = {Ahmad, Q. R. and others},
  collaboration = {SNO Collaboration},
  journal = {Phys. Rev. Lett.},
  volume = {87},
  issue = {7},
  pages = {071301},
  numpages = {6},
  year = {2001},
  month = {Jul},
  publisher = {American Physical Society},
  doi = {10.1103/PhysRevLett.87.071301},
  url = {https://link.aps.org/doi/10.1103/PhysRevLett.87.071301}
}

@article{Bellerive:2003rj,
      author         = "Bellerive, Alain",
      title          = "{Review of solar neutrino experiments}",
      booktitle      = "{Proceedings, 21st International Symposium on Lepton and
                        Photon Interactions at High Energies (LP 03): Batavia,
                        ILL, August 11-16, 2003}",
      journal        = "Int. J. Mod. Phys.",
      volume         = "A19",
      year           = "2004",
      pages          = "1167-1179",
      doi            = "10.1142/S0217751X04019093",
      eprint         = "hep-ex/0312045",
      archivePrefix  = "arXiv",
      primaryClass   = "hep-ex",
      SLACcitation   = "%%CITATION = HEP-EX/0312045;%%"
}

@article{Ashenfelter:2015tpm,
      author         = "Ashenfelter, J. and others",
      title          = "{Background Radiation Measurements at High Power Research
                        Reactors}",
      collaboration  = "PROSPECT",
      journal        = "Nucl. Instrum. Meth.",
      volume         = "A806",
      year           = "2016",
      pages          = "401-419",
      doi            = "10.1016/j.nima.2015.10.023",
      eprint         = "1506.03547",
      archivePrefix  = "arXiv",
      primaryClass   = "physics.ins-det",
      SLACcitation   = "%%CITATION = ARXIV:1506.03547;%%"
}

@article{pontecorvo1958_OscillationProposal,
   author = {{Pontecorvo}, B.},
    title = "{Mesonium and Antimesonium}",
  journal = {Soviet Journal of Experimental and Theoretical Physics},
     year = 1958,
   volume = 6,
    pages = {429},
   adsurl = {https://ui.adsabs.harvard.edu/abs/1958JETP....6..429P},
  adsnote = {Provided by the SAO/NASA Astrophysics Data System}
}

@ARTICLE{pontecorvo_gibov_1969_solar_oscillation,
   author = {{Gribov}, V. and {Pontecorvo}, B.},
    title = "{Neutrino astronomy and lepton charge}",
  journal = {Physics Letters B},
     year = 1969,
    month = jan,
   volume = 28,
    pages = {493-496},
      doi = {10.1016/0370-2693(69)90525-5},
   adsurl = {https://ui.adsabs.harvard.edu/abs/1969PhLB...28..493G},
  adsnote = {Provided by the SAO/NASA Astrophysics Data System}
}

@article{sassaroli1999neutrino,
  title={Neutrino oscillations: A relativistic example of a two-level system},
  author={Sassaroli, Elisabetta},
  journal={American Journal of Physics},
  volume={67},
  number={10},
  pages={869--875},
  doi = {10.1119/1.19140},
  year={1999},
  publisher={AAPT}
}

@article{burkhardt2003wavelength,
  title={The wavelength of neutrino and neutral kaon oscillations},
  author={Burkhardt, H and Lowe, J and Stephenson Jr, GJ and Goldman, T},
  journal={Physics Letters B},
  volume={566},
  number={1-2},
  pages={137--141},
  doi = {10.1016/S0370-2693(03)00776-7},
  year={2003},
  publisher={Elsevier}
}

@article{Mikheev_1987,
	doi = {10.1070/pu1987v030n09abeh002961},
	year = 1987,
	month = {sep},
	publisher = {{IOP} Publishing},
	volume = {30},
	number = {9},
	pages = {759--790},
	author = {Stanislav P Mikheev and A Yu Smirnov},
	title = {Resonance oscillations of neutrinos in matter},
	journal = {Soviet Physics Uspekhi},
}

@article{Olive_2014,
	doi = {10.1088/1674-1137/38/9/090001},
	url = {https://doi.org/10.1088\%2F1674-1137\%2F38\%2F9\%2F090001},
	year = 2014,
	month = {aug},
	publisher = {{IOP} Publishing},
	volume = {38},
	number = {9},
	pages = {090001},
	author = {K.A. Olive},
	title = {Review of Particle Physics},
	journal = {Chinese Physics C},
	abstract = {The Review summarizes much of particle physics and cosmology. Using data from previous editions, plus 3,283 new measurements from 899 papers, we list, evaluate, and average measured properties of gauge bosons and the recently discovered Higgs boson, leptons, quarks, mesons, and baryons. We summarize searches for hypothetical particles such as heavy neutrinos, supersymmetric and technicolor particles, axions, dark photons, etc. All the particle properties and search limits are listed in Summary Tables. We also give numerous tables, figures, formulae, and reviews of topics such as Supersymmetry, Extra Dimensions, Particle Detectors, Probability, and Statistics. Among the 112 reviews are many that are new or heavily revised including those on: Dark Energy, Higgs Boson Physics, Electroweak Model, Neutrino Cross Section Measurements, Monte Carlo Neutrino Generators, Top Quark, Dark Matter, Dynamical Electroweak Symmetry Breaking, Accelerator Physics of Colliders, High-Energy Collider Parameters, Big Bang Nucleosynthesis, Astrophysical Constants and Cosmological Parameters. All tables, listings, and reviews (and errata) are also available on the Particle Data Group website: http://pdg.lbl.gov.},
	note = {(pp.235 - 258)},
}   

@ARTICLE{Bilenky_1980,
   author = {{Bilenky}, S.~M. and {Ho{\v s}ek}, J. and {Petcov}, S.~T.},
    title = "{On the oscillations of neutrinos with Dirac and Majorana masses}",
  journal = {Physics Letters B},
     year = 1980,
    month = aug,
   volume = 94,
    pages = {495-498},
      doi = {10.1016/0370-2693(80)90927-2},
   adsurl = {https://ui.adsabs.harvard.edu/abs/1980PhLB...94..495B},
  adsnote = {Provided by the SAO/NASA Astrophysics Data System}
}

@article{Schechter_and_Valle_1980,
  title = {Neutrino masses in SU(2) \ensuremath{\bigotimes} U(1) theories},
  author = {Schechter, J. and Valle, J. W. F.},
  journal = {Phys. Rev. D},
  volume = {22},
  issue = {9},
  pages = {2227--2235},
  numpages = {0},
  year = {1980},
  month = {Nov},
  publisher = {American Physical Society},
  doi = {10.1103/PhysRevD.22.2227},
  url = {https://link.aps.org/doi/10.1103/PhysRevD.22.2227}
}

@article{Schechter_and_Valle_1982,
  title = {Neutrinoless double-$\ensuremath{\beta}$ decay in SU(2)U(1) theories},
  author = {Schechter, J. and Valle, J. W. F.},
  journal = {Phys. Rev. D},
  volume = {25},
  issue = {11},
  pages = {2951--2954},
  numpages = {0},
  year = {1982},
  month = {Jun},
  publisher = {American Physical Society},
  doi = {10.1103/PhysRevD.25.2951},
  url = {https://link.aps.org/doi/10.1103/PhysRevD.25.2951}
}

@article{abe2014improved,
  title={Improved measurements of the neutrino mixing angle $\theta$ 13 with the Double Chooz detector},
  author={Abe, Y and Dos Anjos, JC and Barriere, JC and Baussan, E and Bekman, I and Bergevin, M and Bezerra, TJC and Bezrukov, L and Blucher, E and Buck, C and others},
  journal={Journal of High Energy Physics},
  volume={2014},
  number={10},
  pages={86},
  year={2014},
  publisher={Springer}
}

@article{Cardani_2019,
   title={Neutrinoless double beta decay overview},
   url={http://dx.doi.org/10.21468/scipostphysproc.1.024},
   DOI={10.21468/scipostphysproc.1.024},
   number={1},
   journal={SciPost Physics Proceedings},
   publisher={Stichting SciPost},
   author={Cardani, Laura},
   year={2019},
   month={Feb}
}

@article{Vogel_1999,
   title={Angular distribution of neutron inverse beta decay, $\Bar{\nu_e}+p\rightarrow e^+ +n$},
   volume={60},
   ISSN={1089-4918},
   url={http://dx.doi.org/10.1103/PhysRevD.60.053003},
   DOI={10.1103/physrevd.60.053003},
   number={5},
   journal={Physical Review D},
   publisher={American Physical Society (APS)},
   author={Vogel, P. and Beacom, J. F.},
   year={1999},
   month={Jul}
}

@article{Mueller_2011,
   title={Improved predictions of reactor antineutrino spectra},
   volume={83},
   ISSN={1089-490X},
   url={http://dx.doi.org/10.1103/PhysRevC.83.054615},
   DOI={10.1103/physrevc.83.054615},
   number={5},
   journal={Physical Review C},
   publisher={American Physical Society (APS)},
   author={Mueller, Th. A. and others},
   year={2011},
   month={May}
}

@article{Bowden_2007,
title = "Experimental results from an antineutrino detector for cooperative monitoring of nuclear reactors",
journal = "Nuclear Instruments and Methods in Physics Research Section A: Accelerators, Spectrometers, Detectors and Associated Equipment",
volume = "572",
number = "2",
pages = "985 - 998",
year = "2007",
issn = "0168-9002",
doi = "https://doi.org/10.1016/j.nima.2006.12.015",
url = "http://www.sciencedirect.com/science/article/pii/S0168900206024326",
author = "N.S. Bowden and A. Bernstein and M. Allen and J.S. Brennan and M. Cunningham and J.K. Estrada and C.M.R. Greaves and C. Hagmann and J. Lund and W. Mengesha and T.D. Weinbeck and C.D. Winant",
keywords = "Nuclear reactor safeguards, Antineutrino detection, Gadolinium loaded liquid scintillator",
abstract = "Our collaboration has designed, installed, and operated a compact antineutrino detector at a nuclear power station, for the purpose of monitoring the power and plutonium content of the reactor core. This paper focuses on the basic properties and performance of the detector. We describe the site, the reactor source, and the detector, and provide data that clearly show the expected antineutrino signal. Our data and experience demonstrate that it is possible to operate a simple, relatively small, antineutrino detector near a reactor, in a non-intrusive and unattended mode for months to years at a time, from outside the reactor containment, with no disruption of day-to-day operations at the reactor site. This unique real-time cooperative monitoring capability may be of interest for the International Atomic Energy Agency (IAEA) reactor safeguards program and similar regimes."
}

@Article{Borovoi_1978,
author="Borovoi, A. A.
and Mika{\'e}lyan, L. A.",
title="Possibilities of the practical use of neutrinos",
journal="Soviet Atomic Energy",
year="1978",
month="Jun",
day="01",
volume="44",
number="6",
pages="589--592",
issn="1573-8205",
doi="10.1007/BF01117861",
url="https://doi.org/10.1007/BF01117861"
}

@misc{IAEA_2008,
  title={Final Report: Focused Workshop on Antineutrino Detection for safeguards Applications},
  author={Headquarters, IAEA},
  year={2008},
  month={October},
  url="www.lefigaro.fr/assets/pdf/AIEA-neutrino.pdf"
}

@article{smith_1972,
title = "Neutrino reactions at accelerator energies",
journal = "Physics Reports",
volume = "3",
number = "5",
pages = "261 - 379",
year = "1972",
issn = "0370-1573",
doi = "https://doi.org/10.1016/0370-1573(72)90010-5",
url = "http://www.sciencedirect.com/science/article/pii/0370157372900105",
author = "C.H. Llewellyn Smith"
}

@article{lasserre2006,
    title={Double Chooz, A Search for the Neutrino Mixing Angle theta-13},
    author={Maury Goodman Thierry Lasserre},
    year={2006},
    eprint={hep-ex/0606025},
    archivePrefix={arXiv},
    primaryClass={hep-ex}
}

@article{Abe_2012,
   title={Reactor $\Bar{\nu}^e $disappearance in the Double Chooz experiment},
   volume={86},
   ISSN={1550-2368},
   url={http://dx.doi.org/10.1103/PhysRevD.86.052008},
   DOI={10.1103/physrevd.86.052008},
   number={5},
   journal={Physical Review D},
   publisher={American Physical Society (APS)},
   author={Abe, Y. and Aberle, C. and dos Anjos, J. C. and Barriere, J. C. and Bergevin, M. and Bernstein, A. and Bezerra, T. J. C. and Bezrukhov, L. and Blucher, E. and Bowden, N. S. and et al.},
   year={2012},
   month={Sep}
}

@article{reno_may_2019,
   title={Fuel-Composition Dependent Reactor Antineutrino Yield at RENO},
   volume={122},
   ISSN={1079-7114},
   url={http://dx.doi.org/10.1103/PhysRevLett.122.232501},
   DOI={10.1103/physrevlett.122.232501},
   number={23},
   journal={Physical Review Letters},
   publisher={American Physical Society (APS)},
   author={Bak, G. and Choi, J.â€‰H. and Jang, H.â€‰I. and Jang, J.â€‰S. and Jeon, S.â€‰H. and Joo, K.â€‰K. and Ju, K. and Jung, D.â€‰E. and Kim, J.â€‰G. and Kim, J.â€‰H. and et al.},
   year={2019},
   month={Jun}
}

@article{reno_may_2012,
  title = {Observation of Reactor Electron Antineutrinos Disappearance in the RENO Experiment},
  author = {Ahn, J. K. and Chebotaryov, S. and Choi, J. H. and Choi, S. and Choi, W. and Choi, Y. and Jang, H. I. and Jang, J. S. and Jeon, E. J. and Jeong, I. S. and Joo, K. K. and Kim, B. R. and Kim, B. C. and Kim, H. S. and Kim, J. Y. and Kim, S. B. and Kim, S. H. and Kim, S. Y. and Kim, W. and Kim, Y. D. and Lee, J. and Lee, J. K. and Lim, I. T. and Ma, K. J. and Pac, M. Y. and Park, I. G. and Park, J. S. and Park, K. S. and Shin, J. W. and Siyeon, K. and Yang, B. S. and Yeo, I. S. and Yi, S. H. and Yu, I.},
  collaboration = {RENO Collaboration},
  journal = {Phys. Rev. Lett.},
  volume = {108},
  issue = {19},
  pages = {191802},
  numpages = {6},
  year = {2012},
  month = {May},
  publisher = {American Physical Society},
  doi = {10.1103/PhysRevLett.108.191802},
  url = {https://link.aps.org/doi/10.1103/PhysRevLett.108.191802}
}

@misc{reno2013,
    title={New Results from RENO},
    author={Seon-Hee Seo},
    year={2013},
    eprint={1312.4111},
    archivePrefix={arXiv},
    primaryClass={physics.ins-det}
}

@misc{askins2015physics,
    title={The Physics and Nuclear Nonproliferation Goals of WATCHMAN: A WAter CHerenkov Monitor for ANtineutrinos},
    author={M. Askins and M. Bergevin and A. Bernstein and S. Dazeley and S. T. Dye and T. Handler and A. Hatzikoutelis and D. Hellfeld and P. Jaffke and Y. Kamyshkov and B. J. Land and J. G. Learned and P. Marleau and C. Mauger and G. D. Orebi Gann and C. Roecker and S. D. Rountree and T. M. Shokair and M. B. Smy and R. Svoboda and M. Sweany and M. R. Vagins and K. A. van Bibber and R. B. Vogelaar and M. J. Wetstein and M. Yeh},
    year={2015},
    eprint={1502.01132},
    archivePrefix={arXiv},
    primaryClass={physics.ins-det}
}

@misc{dye2017evaluating,
    title={Evaluating Reactor Antineutrino Signals for WATCHMAN},
    author={Steve Dye},
    year={2017},
    eprint={1702.06117},
    archivePrefix={arXiv},
    primaryClass={physics.ins-det}
}

@misc{burns2018remote,
    title={Remote detection of undeclared nuclear reactors using the WATCHMAN detector},
    author={Jonathan Burns},
    year={2018},
    eprint={1804.00655},
    archivePrefix={arXiv},
    primaryClass={physics.ins-det}
}

@misc{danielson2019directionally,
    title={Directionally Accelerated Detection of an Unknown Second Reactor with Antineutrinos for Mid-Field Nonproliferation Monitoring},
    author={D. L. Danielson and others},
    year={2019},
    eprint={1909.05374},
    archivePrefix={arXiv},
    primaryClass={physics.ins-det}
}

@article{Apollonio_2003,
   title={Search for neutrino oscillations on a long base-line at the CHOOZ nuclear power station},
   volume={27},
   ISSN={1434-6052},
   url={http://dx.doi.org/10.1140/epjc/s2002-01127-9},
   DOI={10.1140/epjc/s2002-01127-9},
   number={3},
   journal={The European Physical Journal C},
   publisher={Springer Science and Business Media LLC},
   author={Apollonio, M. and Baldini, A. and Bemporad, C. and Caffau, E. and Cei, F. and DÃ©clais, Y. and Kerret, H. de and Dieterle, B. and Etenko, A. and Foresti, L. and et al.},
   year={2003},
   month={Apr},
   pages={331â€“374}
}

@article{Daya_Bay_2017,
   title={Evolution of the Reactor Antineutrino Flux and Spectrum at Daya Bay},
   volume={118},
   ISSN={1079-7114},
   url={http://dx.doi.org/10.1103/PhysRevLett.118.251801},
   DOI={10.1103/physrevlett.118.251801},
   number={25},
   journal={Physical Review Letters},
   publisher={American Physical Society (APS)},
   author={An, F.â€‰P. and Balantekin, A.â€‰B. and Band, H.â€‰R. and Bishai, M. and Blyth, S. and Cao, D. and Cao, G.â€‰F. and Cao, J. and Chan, Y.â€‰L. and Chang, J.â€‰F. and et al.},
   year={2017},
   month={Jun}
}

@misc{DayaBay2007Precision,
    title={A Precision Measurement of the Neutrino Mixing Angle $\theta_{13}$ using Reactor Antineutrinos at Daya Bay},
    author={Daya Bay Collaboration},
    year={2007},
    eprint={hep-ex/0701029},
    archivePrefix={arXiv},
    primaryClass={hep-ex}
}

@article{nucifer2016,
   title={Online monitoring of the Osiris reactor with the Nucifer neutrino detector},
   volume={93},
   ISSN={2470-0029},
   url={http://dx.doi.org/10.1103/PhysRevD.93.112006},
   DOI={10.1103/physrevd.93.112006},
   number={11},
   journal={Physical Review D},
   publisher={American Physical Society (APS)},
   author={Boireau, G. and Bouvet, L. and Collin, A.â€‰P. and Coulloux, G. and Cribier, M. and Deschamp, H. and Durand, V. and Fechner, M. and Fischer, V. and Gaffiot, J. and et al.},
   year={2016},
   month={Jun}
}

@article{Allan_2013,
   title={The electromagnetic calorimeter for the T2K near detector ND280},
   volume={8},
   ISSN={1748-0221},
   url={http://dx.doi.org/10.1088/1748-0221/8/10/P10019},
   DOI={10.1088/1748-0221/8/10/p10019},
   number={10},
   journal={Journal of Instrumentation},
   publisher={IOP Publishing},
   author={Allan, D and Andreopoulos, C and Angelsen, C and Barker, G J and Barr, G and Bentham, S and Bertram, I and Boyd, S and Briggs, K and Calland, R G and et al.},
   year={2013},
   month={Oct},
   pages={P10019â€“P10019}
}

@article{Carroll_2018,
   title={Monitoring Reactor Anti-Neutrinos Using a Plastic Scintillator Detector in a Mobile Laboratory},
   url={https://arxiv.org/abs/1811.01006},
   journal={Pre-print},
   publisher={none},
   author={Carrol, J and others},
   year={2018},
   month={Nov},
}

@article{Marteau_2017,
   title={DIAPHANE: muon tomography applied to volcanoes, civil engineering, archaelogy},
   volume={12},
   ISSN={1748-0221},
   url={http://dx.doi.org/10.1088/1748-0221/12/02/C02008},
   DOI={10.1088/1748-0221/12/02/c02008},
   number={02},
   journal={Journal of Instrumentation},
   publisher={IOP Publishing},
   author={Marteau, J. and dâ€™ Ars, J. de Bremond and Gibert, D. and Jourde, K. and Ianigro, J.-C. and Carlus, B.},
   year={2017},
   month={Feb},
   pages={C02008â€“C02008}
}